%% http://hal.inria.fr/inria-00555588/
@techreport{Shapiro:2011wy,
author = {Shapiro, Marc and Pregui{\c c}a, Nuno and Baquero, Carlos and Zawirski, Marek},
title = {A comprehensive study of Convergent and Commutative Replicated Data Types},
year = {2011},
number = {7506},
institution = {INRIA}
}

%% http://csl.skku.edu/papers/jpdc11.pdf
@article{Roh:2011dw,
author = {Roh, Hyun-Gul and Jeon, Myeongjae and Kim, Jin-Soo and Lee, Joonwon},
title = {Replicated abstract data types: Building blocks for collaborative applications},
journal = {Journal of Parallel and Distributed Computing},
year = {2011},
volume = {71},
number = {3},
pages = {354--368},
doi = {10.1016/j.jpdc.2010.12.006}
}

@webpage{Kleppmann:2012tu,
author = {Kleppmann, Martin},
title = {Schema evolution in {Avro}, {Protocol Buffers} and {Thrift}},
year = {2012},
month = dec,
url = {http://martin.kleppmann.com/2012/12/05/schema-evolution-in-avro-protocol-buffers-thrift.html}
}
